<?xml version="1.0" encoding="UTF-8"?>
<record xmlns="http://www.loc.gov/MARC21/slim">
   <leader>01854cam a2200385 a 4500</leader>
   <controlfield tag="001">777904</controlfield>
   <controlfield tag="003">NjP</controlfield>
   <controlfield tag="005">20190705141846.0</controlfield>
   <controlfield tag="008">840711m19619999su c          000 0 ara d</controlfield>
   <datafield tag="024" ind1="7" ind2=" ">
      <subfield code="a">princeton_aco004011</subfield>
      <subfield code="2">local</subfield>
   </datafield>
   <datafield ind1=" " ind2=" " tag="035">
      <subfield code="a">777904</subfield>
   </datafield>
   <datafield ind1=" " ind2=" " tag="040">
      <subfield code="a">NNC</subfield>
      <subfield code="c">PUL</subfield>
      <subfield code="d">PUL</subfield>
   </datafield>
   <datafield ind1=" " ind2=" " tag="035">
      <subfield code="a">(CStRLIN)NJPG84-B38772</subfield>
   </datafield>
   <datafield ind1=" " ind2=" " tag="035">
      <subfield code="9">ADR5469TS</subfield>
   </datafield>
   <datafield ind1=" " ind2=" " tag="035">
      <subfield code="z">777904</subfield>
   </datafield>
   <datafield ind1=" " ind2=" " tag="035">
      <subfield code="a">(NjP)777904</subfield>
   </datafield>
   <datafield ind1=" " ind2=" " tag="049">
      <subfield code="a">PULL</subfield>
   </datafield>
   <datafield ind1=" " ind2=" " tag="035">
      <subfield code="a">(OCoLC)ocm27274391</subfield>
   </datafield>
   <datafield ind1="0" ind2="0" tag="245">
      <subfield code="6">880-01</subfield>
      <subfield code="a">Aḍwāʼ al-nujūm min ashʻār al-Buqūm /</subfield>
      <subfield code="c">jamʻ wa-tartīb wa-taqdīm Ḥusayn ibn ʻĀʼiḍ al-Rājiḥī al-Baqmī.</subfield>
   </datafield>
   <datafield ind1=" " ind2=" " tag="250">
      <subfield code="6">880-02</subfield>
      <subfield code="a">al-Ṭabʻah 1.</subfield>
   </datafield>
   <datafield ind1=" " ind2=" " tag="260">
      <subfield code="6">880-03</subfield>
      <subfield code="a">Makkah al-Mukarramah :</subfield>
      <subfield code="b">Dār al-Thaqāfah,</subfield>
      <subfield code="c">1961-</subfield>
   </datafield>
   <datafield ind1=" " ind2=" " tag="300">
      <subfield code="a">v. :</subfield>
      <subfield code="b">ports. ;</subfield>
      <subfield code="c">25 cm.</subfield>
   </datafield>
   <datafield ind1=" " ind2=" " tag="500">
      <subfield code="6">880-04</subfield>
      <subfield code="a">"Mukhtārāt min al-ashʻār al-Nabaṭīyah fī kathīr min al-aghrāḍ al-adabīyah .. taṣifu ḥayāt al-bādiyah min ḥaythu al-shakl wa-al-ʻarḍ."</subfield>
   </datafield>
   <datafield ind1=" " ind2="0" tag="650">
      <subfield code="a">Arabic poetry</subfield>
      <subfield code="y">20th century.</subfield>
      <subfield code="0">http://id.loc.gov/authorities/subjects/sh85006339</subfield>
   </datafield>
   <datafield ind1=" " ind2="0" tag="650">
      <subfield code="a">Folk poetry. Arabic.</subfield>
   </datafield>
   <datafield ind1="1" ind2=" " tag="700">
      <subfield code="6">880-05</subfield>
      <subfield code="a">Baqmī, Ḥusayn ibn ʻĀʼiḍ al-Rājiḥī.</subfield>
   </datafield>
   <datafield ind1="0" ind2="0" tag="880">
      <subfield code="6">245-01/r</subfield>
      <subfield code="a">اضواء النجوم من اشعار البقوم /</subfield>
      <subfield code="c">جمع وترتيب وتقديم حسين بن عائض الراجحي البقمي.</subfield>
   </datafield>
   <datafield ind1=" " ind2=" " tag="880">
      <subfield code="6">250-02/r</subfield>
      <subfield code="a">الطبعة 1.</subfield>
   </datafield>
   <datafield ind1=" " ind2=" " tag="880">
      <subfield code="6">260-03/r</subfield>
      <subfield code="a">مكة المكرمة :</subfield>
      <subfield code="b">دار الثقافة،</subfield>
      <subfield code="c">1961-</subfield>
   </datafield>
   <datafield ind1=" " ind2=" " tag="880">
      <subfield code="6">500-04/r</subfield>
      <subfield code="a">"مختارات من الاشعار النبطية في كثير من الاغراض الادبية .. تصف حياة البادية من حيث الشكل والعرض."</subfield>
   </datafield>
   <datafield ind1="1" ind2=" " tag="880">
      <subfield code="6">700-05/r</subfield>
      <subfield code="a">بقمي، حسين بن عائض الراجحي.</subfield>
   </datafield>
   <datafield ind1=" " ind2=" " tag="911">
      <subfield code="a">19930114</subfield>
   </datafield>
   <datafield ind1=" " ind2=" " tag="912">
      <subfield code="a">19930108000000.0</subfield>
   </datafield>
   <datafield ind1=" " ind2=" " tag="998">
      <subfield code="a">01/08/93</subfield>
      <subfield code="s">9114</subfield>
      <subfield code="n">NjP</subfield>
      <subfield code="w">NJPG84B38772</subfield>
      <subfield code="d">07/11/84</subfield>
      <subfield code="c">JAB</subfield>
      <subfield code="b">JAB</subfield>
      <subfield code="i">930108</subfield>
      <subfield code="l">NJPG</subfield>
   </datafield>
   <datafield ind1=" " ind2=" " tag="994">
      <subfield code="a">C0</subfield>
      <subfield code="b">PUL</subfield>
   </datafield>
   <datafield ind1=" " ind2=" " tag="999">
      <subfield code="a">777904</subfield>
   </datafield>
   <datafield ind1=" " ind2=" " tag="979">
      <subfield code="a">(OCoLC)ocn176701363</subfield>
   </datafield>
   <datafield ind1="0" ind2="0" tag="852">
      <subfield code="0">878960</subfield>
      <subfield code="b">rcppa</subfield>
      <subfield code="t">1</subfield>
      <subfield code="h">PJ7661</subfield>
      <subfield code="i">.A382 1961</subfield>
      <subfield code="x">tr fr arab</subfield>
   </datafield>
   <datafield ind1=" " ind2=" " tag="959">
      <subfield code="a">2000-06-13 00:00:00 -0400</subfield>
   </datafield>
</record>
